@Book{spo,
  title={Administração de produção e operações},
  author={Krajewski, Lee and Ritzman, Lary and Malhotra, Manoj},
  volume={8},
  year={2009},
  publisher={PARSON}
}

@ONLINE{latam,
author = {LATAM},
title = {Site comercial},
month = Junho,
year = {2020},
url = {https://www.latam.com/pt_br/}
}


@ONLINE{keras,
author = {Tensorflow/Keras},
title = {Site informativo},
month = Agosto,
year = {2020},
url = {https://keras.io/api/}
}

@ONLINE{satoru,
author = {Satoru, Luiz},
title = {Site profissional},
month = Agosto,
year = {2020},
url = {http://www.ic.uff.br/~satoru}
}
@article{russell2002artificial,
  title={Artificial intelligence: a modern approach},
  author={Russell, Stuart and Norvig, Peter},
  year={2002}
}
@article{resende2012grasp,
  title={GRASP: busca gulosa aleatorizada e adaptativa},
  author={Resende, Mauricio GC and Mateus, Geraldo R and Silva, Ricardo},
  journal={Parte: http://hdl. handle. net/10316.2/5655},
  year={2012},
  publisher={Imprensa da Universidade de Coimbra}
}

@incollection{buscatabu,
  title={A Particle Swarm Optimization Metaheuristic for the Blocking Flow Shop Scheduling Problem: Total Tardiness Minimization},
  author={Nouha, Nouri and Talel, Ladhari},
  booktitle={Multi-Agent Systems and Agreement Technologies},
  pages={145--153},
  year={2015},
  publisher={Springer}
}
@article{egler,
  title={Territ{\'o}rios do petr{\'o}leo no Brasil: redes globais e governan{\c{c}}a local},
  author={EGLER, Claudio Antonio Gon{\c{c}}alves and PIRES DO RIO, Gisela A},
  journal={Atas do Col{\'o}quio Internacional Les int{\'e}grations r{\'e}gionales: quelles dynamiques transfrontali{\`e}res et transnationales? Les enseignements du Bassin de la Plata dans le Mercosur},
  year={2004}
}

@article{coloniaformigas,
  title={Col{\^o}nia de formigas},
  author={Goliatt, Priscila VZC and Angelo, Jaqueline S and Barbosa, Helio JC},
  journal={Parte: http://hdl. handle. net/10316.2/5655},
  year={2012},
  publisher={Imprensa da Universidade de Coimbra}
}

@book{deeplearning,
  title={Deep learning},
  author={Goodfellow, Ian and Bengio, Yoshua and Courville, Aaron},
  year={2016},
  publisher={MIT press}
}

@article{machinelearning,
  title={Machine learning},
  author={Michie, Donald and Spiegelhalter, David J and Taylor, CC and others},
  journal={Neural and Statistical Classification},
  volume={13},
  number={1994},
  pages={1--298},
  year={1994},
  publisher={Technometrics}
}

@hidden{anp,
  title={Relatório anual},
  author={ANP},
  year={2003}
}

@hidden{horta,
  title={Produção e Processamento de Petróleo e Gás Natural no Brasil: Perspectivas
e Sustentabilidade nos Próximos 20 anos},
  author={HORTA, L N},
  year={2002}
}

@article{furtado2009nacionalismo,
  title={Nacionalismo e aprendizagem no Programa de {\'A}guas Profundas da Petrobras},
  author={Furtado, Andr{\'e} Tosi and Freitas, Adriana Gomes},
  journal={Revista Brasileira de Inova{\c{c}}{\~a}o},
  volume={3},
  number={1 jan/jun},
  pages={55-86},
  year={2009}
}

@article{morais,
  title={Petr{\'o}leo em {\'a}guas profundas: uma hist{\'o}ria tecnol{\'o}gica da Petrobras na explora{\c{c}}{\~a}o e produ{\c{c}}{\~a}o offshore},
  author={Morais, Jos{\'e} Mauro de},
  year={2009},
  publisher={Instituto de Pesquisa Econ{\^o}mica Aplicada (Ipea)}
}

@phdthesis{FERRARI,
  title={An{\'a}lise da aplica{\c{c}}{\~a}o de um sistema de bombeamento multif{\'a}sico submarino na produ{\c{c}}{\~a}o de petr{\'o}leo},
  author={Ferrari, Marcius},
  journal={Pontif{\'\i}cia Universidade Cat{\'o}lica do Rio de Janeiro},
  year={2003}
}

@phdthesis{THAMY,
  title={Estudo de alternativas de arranjos submarinos de produ{\c{c}}{\~a}o com o uso de manifolds e bombas multif{\'a}sicas: otimiza{\c{c}}{\~a}o da vaz{\~a}o e an{\'a}lise financeira},
  author={Thamy, Paula},
  year={2015},
  school={Universidade Federal do Rio de Janeiro}
}

@ARTICLE{Nobody,
  author = {Nobody, Campos},
  title = {Titulo do artigo},
  year = {2006},
}

@article{AG,
  title={Introdu{\c{c}}{\~a}o aos algoritmos gen{\'e}ticos},
  author={de Lacerda, Est{\'e}fane GM and de Carvalho, ACPLF},
  journal={Sistemas inteligentes: aplica{\c{c}}oes a recursos h{\i}dricos e ci{\^e}ncias ambientais},
  volume={1},
  pages={99-148},
  year={1999 },
}

@Mastersthesis{Franco,
  title={Desenvolvimento de um Sistema Inteligente para Auxiliar a Escolha de Sistema para Produ{\c{c}}{\~a}o no Mar. Campinas: Faculdade de Engenharia Mec{\^a}nica, Universidade Estadual de Campinas},
  author={Franco, KPM},
  school={Universidade Estadual de Campinas},
  year={2003}
}

@Book{Thomas,
author = {Thomas,Jos{\'e} Eduardo},
editor = {Editora Interci{\^e}ncia Ltda},
title = {Fundamentos da Engenharia de Petr{\'o}leo },
publisher = {Editora Interci{\^e}ncia Ltda},
year = {2001},
address={Rio de Janeiro}
}

@article{medeiros,
  title={ALGORITMO GEN{\'E}TICO H{\'I}BRIDO COMO UM M{\'E}TODO DE BUSCA DE ESTADOS ESTACION{\'A}RIOS DE SISTEMAS DIN{\^A}MICOS},
  author={Medeiros, Felipe Leonardo L{\^o}bo},
  year={2002}
}

@phdthesis{castro,
  title={Otimiza{\c{c}}{\~a}o de estruturas com multi-objetivos via algoritmos gen{\'e}ticos},
  author={de Castro, Rodrigo Evangelista},
  year={2001},
  school={Universidade Federal do Rio de Janeiro, Rio de Janeiro, Brazil}
}

@article{LACERDA,
  title={Introdu{\c{c}}{\~a}o aos algoritmos gen{\'e}ticos},
  author={de Lacerda, Est{\'e}fane GM and de Carvalho, ACPLF},
  journal={Sistemas inteligentes: aplica{\c{c}}oes a recursos h{\i}dricos e ci{\^e}ncias ambientais},
  volume={1},
  pages={99--148},
  year={1999}
}

@article{bean,
  title={Genetic algorithms and random keys for sequencing and optimization},
  author={Bean, James C},
  journal={ORSA journal on computing},
  volume={6},
  number={2},
  pages={154--160},
  year={1994},
  publisher={INFORMS}
}

@phdthesis{carvalho,
  title={Algoritmo gen{\'e}tico para o problema de localiza{\c{c}}{\~a}o de sensores},
  author={Carvalho, Ana Sofia Fonseca de},
  year={2013}
}

@article{resende,
  title={Introdu{\c{c}}{\~a}o aos algoritmos gen{\'e}ticos de chaves aleat{\'o}rias viciadas},
  author={Resende, MG},
  year={2011}
}

@phdthesis{barcellos,
  title={Algoritmos gen{\'e}ticos adaptativos: um estudo comparativo.},
  author={Barcellos, Jo{\~a}o Carlos Holland de},
  year={2000},
  school={Universidade de S{\~a}o Paulo}
}

@article{mognon,
  title={Algoritmos gen{\'e}ticos aplicados na otimiza{\c{c}}{\u{a}}o de antenas},
  author={Mognon, Vilson Rodrigo},
  year={2004}
}

@article{goldberg1988genetic,
  title={Genetic algorithms and machine learning},
  author={Goldberg, David E and Holland, John H},
  journal={Machine learning},
  volume={3},
  number={2},
  pages={95--99},
  year={1988},
  publisher={Springer}
}

@article{holland,
  title={Adaptation in natural and artificial systems. An introductory analysis with application to biology, control, and artificial intelligence},
  author={Holland, John H},
  journal={Ann Arbor, MI: University of Michigan Press},
  year={1975}
}
@phdthesis{carrijo2004extraccao,
  title={Extra{\c{c}}{\~a}o de regras operacionais {\'o}timas de sistemas de distrubui{\c{c}}{\~a}o de {\'a}gua atrav{\'e}s de algoritmos gen{\'e}ticos multiobjetivo e aprendizado de m{\'a}quina},
  author={Carrijo, Ivaltemir Barros},
  year={2004},
  school={Universidade de S{\~a}o Paulo}
}
@hidden{davis1991handbook,
  title={Handbook of genetic algorithms},
  author={Davis, Lawrence},
  year={1991}
}